%YAML 1.1
%TAG !u! tag:unity3d.com,2011:
--- !u!1 &2960336172931496616
GameObject:
  m_ObjectHideFlags: 0
  m_CorrespondingSourceObject: {fileID: 0}
  m_PrefabInstance: {fileID: 0}
  m_PrefabAsset: {fileID: 0}
  serializedVersion: 6
  m_Component:
  - component: {fileID: 2960336172931496619}
  - component: {fileID: 2960336172931496618}
  - component: {fileID: 2960336172931496617}
  m_Layer: 0
  m_Name: Marker
  m_TagString: Untagged
  m_Icon: {fileID: 0}
  m_NavMeshLayer: 0
  m_StaticEditorFlags: 0
  m_IsActive: 1
--- !u!4 &2960336172931496619
Transform:
  m_ObjectHideFlags: 0
  m_CorrespondingSourceObject: {fileID: 0}
  m_PrefabInstance: {fileID: 0}
  m_PrefabAsset: {fileID: 0}
  m_GameObject: {fileID: 2960336172931496616}
  m_LocalRotation: {x: -0, y: -0, z: -0, w: 1}
  m_LocalPosition: {x: 0, y: 0, z: 0}
  m_LocalScale: {x: 0.05, y: 1, z: 0.05}
  m_Children: []
  m_Father: {fileID: 2960336173682187084}
  m_RootOrder: 1
  m_LocalEulerAnglesHint: {x: 0, y: 0, z: 0}
--- !u!33 &2960336172931496618
MeshFilter:
  m_ObjectHideFlags: 0
  m_CorrespondingSourceObject: {fileID: 0}
  m_PrefabInstance: {fileID: 0}
  m_PrefabAsset: {fileID: 0}
  m_GameObject: {fileID: 2960336172931496616}
  m_Mesh: {fileID: -2432090755550338912, guid: 51d0d01316118494cb848620f01ec024, type: 3}
--- !u!23 &2960336172931496617
MeshRenderer:
  m_ObjectHideFlags: 0
  m_CorrespondingSourceObject: {fileID: 0}
  m_PrefabInstance: {fileID: 0}
  m_PrefabAsset: {fileID: 0}
  m_GameObject: {fileID: 2960336172931496616}
  m_Enabled: 1
  m_CastShadows: 1
  m_ReceiveShadows: 1
  m_DynamicOccludee: 1
  m_MotionVectors: 1
  m_LightProbeUsage: 1
  m_ReflectionProbeUsage: 1
  m_RayTracingMode: 2
  m_RayTraceProcedural: 0
  m_RenderingLayerMask: 1
  m_RendererPriority: 0
  m_Materials:
  - {fileID: 2100000, guid: 08462a4d35e9fe84eadcb8de53efd2ae, type: 2}
  m_StaticBatchInfo:
    firstSubMesh: 0
    subMeshCount: 0
  m_StaticBatchRoot: {fileID: 0}
  m_ProbeAnchor: {fileID: 0}
  m_LightProbeVolumeOverride: {fileID: 0}
  m_ScaleInLightmap: 1
  m_ReceiveGI: 1
  m_PreserveUVs: 0
  m_IgnoreNormalsForChartDetection: 0
  m_ImportantGI: 0
  m_StitchLightmapSeams: 1
  m_SelectedEditorRenderState: 3
  m_MinimumChartSize: 4
  m_AutoUVMaxDistance: 0.5
  m_AutoUVMaxAngle: 89
  m_LightmapParameters: {fileID: 0}
  m_SortingLayerID: 0
  m_SortingLayer: 0
  m_SortingOrder: 0
  m_AdditionalVertexStreams: {fileID: 0}
--- !u!1 &2960336173682187089
GameObject:
  m_ObjectHideFlags: 0
  m_CorrespondingSourceObject: {fileID: 0}
  m_PrefabInstance: {fileID: 0}
  m_PrefabAsset: {fileID: 0}
  serializedVersion: 6
  m_Component:
  - component: {fileID: 2960336173682187084}
  - component: {fileID: 2960336173682187102}
  - component: {fileID: 2960336173682187090}
  m_Layer: 0
  m_Name: RefillElement
  m_TagString: Untagged
  m_Icon: {fileID: 0}
  m_NavMeshLayer: 0
  m_StaticEditorFlags: 0
  m_IsActive: 1
--- !u!4 &2960336173682187084
Transform:
  m_ObjectHideFlags: 0
  m_CorrespondingSourceObject: {fileID: 0}
  m_PrefabInstance: {fileID: 0}
  m_PrefabAsset: {fileID: 0}
  m_GameObject: {fileID: 2960336173682187089}
  m_LocalRotation: {x: 0, y: 0, z: 0, w: 1}
  m_LocalPosition: {x: 0, y: 0, z: 0}
  m_LocalScale: {x: 1, y: 1, z: 1}
  m_Children:
  - {fileID: 976797101257325449}
  - {fileID: 2960336172931496619}
  m_Father: {fileID: 0}
  m_RootOrder: 0
  m_LocalEulerAnglesHint: {x: 0, y: 0, z: 0}
--- !u!114 &2960336173682187102
MonoBehaviour:
  m_ObjectHideFlags: 0
  m_CorrespondingSourceObject: {fileID: 0}
  m_PrefabInstance: {fileID: 0}
  m_PrefabAsset: {fileID: 0}
  m_GameObject: {fileID: 2960336173682187089}
  m_Enabled: 1
  m_EditorHideFlags: 0
  m_Script: {fileID: 11500000, guid: 07a9a3d302db60b43bbe084464deb5c7, type: 3}
  m_Name: 
  m_EditorClassIdentifier: 
  Marker: {fileID: 2960336172931496616}
  ElementIcon: {fileID: 8507822537211305121}
  RefilValue: 10
  Collider: {fileID: 2960336173682187090}
--- !u!135 &2960336173682187090
SphereCollider:
  m_ObjectHideFlags: 0
  m_CorrespondingSourceObject: {fileID: 0}
  m_PrefabInstance: {fileID: 0}
  m_PrefabAsset: {fileID: 0}
  m_GameObject: {fileID: 2960336173682187089}
  m_Material: {fileID: 0}
  m_IsTrigger: 1
  m_Enabled: 1
  serializedVersion: 2
  m_Radius: 0.05
  m_Center: {x: 0, y: 0, z: 0}
--- !u!1001 &351899597744044539
PrefabInstance:
  m_ObjectHideFlags: 0
  serializedVersion: 2
  m_Modification:
    m_TransformParent: {fileID: 2960336173682187084}
    m_Modifications:
    - target: {fileID: 679046390138012274, guid: a2db1f206d981a8498cc5ec7895ba866, type: 3}
      propertyPath: m_RootOrder
      value: 0
      objectReference: {fileID: 0}
    - target: {fileID: 679046390138012274, guid: a2db1f206d981a8498cc5ec7895ba866, type: 3}
      propertyPath: m_LocalPosition.x
      value: 0
      objectReference: {fileID: 0}
    - target: {fileID: 679046390138012274, guid: a2db1f206d981a8498cc5ec7895ba866, type: 3}
      propertyPath: m_LocalPosition.y
      value: 0
      objectReference: {fileID: 0}
    - target: {fileID: 679046390138012274, guid: a2db1f206d981a8498cc5ec7895ba866, type: 3}
      propertyPath: m_LocalPosition.z
      value: 0
      objectReference: {fileID: 0}
    - target: {fileID: 679046390138012274, guid: a2db1f206d981a8498cc5ec7895ba866, type: 3}
      propertyPath: m_LocalRotation.w
      value: 1
      objectReference: {fileID: 0}
    - target: {fileID: 679046390138012274, guid: a2db1f206d981a8498cc5ec7895ba866, type: 3}
      propertyPath: m_LocalRotation.x
      value: 0
      objectReference: {fileID: 0}
    - target: {fileID: 679046390138012274, guid: a2db1f206d981a8498cc5ec7895ba866, type: 3}
      propertyPath: m_LocalRotation.y
      value: 0
      objectReference: {fileID: 0}
    - target: {fileID: 679046390138012274, guid: a2db1f206d981a8498cc5ec7895ba866, type: 3}
      propertyPath: m_LocalRotation.z
      value: 0
      objectReference: {fileID: 0}
    - target: {fileID: 679046390138012274, guid: a2db1f206d981a8498cc5ec7895ba866, type: 3}
      propertyPath: m_LocalEulerAnglesHint.x
      value: 0
      objectReference: {fileID: 0}
    - target: {fileID: 679046390138012274, guid: a2db1f206d981a8498cc5ec7895ba866, type: 3}
      propertyPath: m_LocalEulerAnglesHint.y
      value: 0
      objectReference: {fileID: 0}
    - target: {fileID: 679046390138012274, guid: a2db1f206d981a8498cc5ec7895ba866, type: 3}
      propertyPath: m_LocalEulerAnglesHint.z
      value: 0
      objectReference: {fileID: 0}
    - target: {fileID: 5673696483677490717, guid: a2db1f206d981a8498cc5ec7895ba866, type: 3}
      propertyPath: m_Name
      value: ElementIcon
      objectReference: {fileID: 0}
    - target: {fileID: 6927028336156476466, guid: a2db1f206d981a8498cc5ec7895ba866, type: 3}
      propertyPath: m_RootOrder
      value: 0
      objectReference: {fileID: 0}
    - target: {fileID: 8118006578964604348, guid: a2db1f206d981a8498cc5ec7895ba866, type: 3}
      propertyPath: m_Sprite
      value: 
      objectReference: {fileID: 21300000, guid: 1e1babfc4035248469fabed7bf0b00b8, type: 3}
    m_RemovedComponents: []
  m_SourcePrefab: {fileID: 100100000, guid: a2db1f206d981a8498cc5ec7895ba866, type: 3}
--- !u!4 &976797101257325449 stripped
Transform:
  m_CorrespondingSourceObject: {fileID: 679046390138012274, guid: a2db1f206d981a8498cc5ec7895ba866, type: 3}
  m_PrefabInstance: {fileID: 351899597744044539}
  m_PrefabAsset: {fileID: 0}
--- !u!114 &8507822537211305121 stripped
MonoBehaviour:
  m_CorrespondingSourceObject: {fileID: 8283220689715471706, guid: a2db1f206d981a8498cc5ec7895ba866, type: 3}
  m_PrefabInstance: {fileID: 351899597744044539}
  m_PrefabAsset: {fileID: 0}
  m_GameObject: {fileID: 0}
  m_Enabled: 1
  m_EditorHideFlags: 0
  m_Script: {fileID: 11500000, guid: cf40f9ea16f5d0f48b3903604bd0ff2f, type: 3}
  m_Name: 
  m_EditorClassIdentifier: 
